@article{ref1,
title = {Harnessing the power of Internet of Things based connectivity to improve healthcare},
journal = {Internet of Things},
volume = {14},
pages = {100074},
year = {2021},
issn = {2542-6605},
doi = {https://doi.org/10.1016/j.iot.2019.100074},
url = {https://www.sciencedirect.com/science/article/pii/S254266051930191X},
author = {Sherali Zeadally and Oladayo Bello},
keywords = {Architecture, Healthcare, Internet of Things (IoT), Medical devices},
abstract = {Connectivity and interoperability are vital design characteristics of any Information and Communication Technology (ICT) infrastructure. Today, Internet of Things (IoT) technologies are being integrated with various types of medical systems in order to provide cost-effective, ubiquitous, on-time healthcare services to people who need them. Presently, the healthcare system has evolved into a complex ecosystem which consists of a wide range of devices, databases, communication technologies that work together to provide different healthcare services. In many healthcare information systems, these technologies and resources need to interact and collaborate with or without human intervention to enable the healthcare system to achieve its goal of providing efficient healthcare services. The Internet of Things technology has the potential to provide connectivity for a global network of billions of devices and it can therefore be harnessed to improve the quality and delivery of healthcare services. We explore and discuss how IoT-based connectivity can deliver improved healthcare solutions. We describe IoT-based healthcare solutions that have been implemented recently. Finally, we discuss future opportunities that can be explored for improved healthcare solutions based on the IoT concept.}
}

@article{ref2,
title = {Internet of Things (IoT): A Vision, Architectural Elements, and Future Directions},
journal = {Internet of Things},
pages = {2-14},
year = {2013},
issn = {1645-1660},
doi = {https://doi.org/10.1016/j.future.2013.01.010},
url = {https://www.sciencedirect.com/science/article/abs/pii/S0167739X13000241},
author = {Jayavardhana Gubbi, Rajkumar Buyya, Slaven Marusic, Marimuthu Palaniswami},
keywords = {Architecture, Healthcare, Internet of Things (IoT), Medical devices},
abstract = {Ubiquitous sensing enabled by Wireless Sensor Network (WSN) technologies cuts across many areas of modern day living. This offers the ability to measure, infer and understand environmental indicators, from delicate ecologies and natural resources to urban environments. The proliferation of these devices in a communicating–actuating network creates the Internet of Things (IoT), wherein sensors and actuators blend seamlessly with the environment around us, and the information is shared across platforms in order to develop a common operating picture (COP). Fueled by the recent adaptation of a variety of enabling wireless technologies such as RFID tags and embedded sensor and actuator nodes, the IoT has stepped out of its infancy and is the next revolutionary technology in transforming the Internet into a fully integrated Future Internet. As we move from www (static pages web) to web2 (social networking web) to web3 (ubiquitous computing web), the need for data-on-demand using sophisticated intuitive queries increases significantly. This paper presents a Cloud centric vision for worldwide implementation of Internet of Things. The key enabling technologies and application domains that are likely to drive IoT research in the near future are discussed. A Cloud implementation using Aneka, which is based on interaction of private and public Clouds is presented. We conclude our IoT vision by expanding on the need for convergence of WSN, the Internet and distributed computing directed at technological research community.}
}

@book{ref3,
  author = {Pérez, Hayder and Mederos, Amed and Gálvez, Daniel and Hurtado, Luis and Duarte, Doymer and Atemezing, Ghislain},
  year = {2021},
  month = {01},
  pages = {71-83},
  title = {A System for Traffic Events Detection Using Fuzzy C-Means},
  isbn = {978-3-030-91304-5},
  doi = {10.1007/978-3-030-91305-2_6}
}

@article{ref4,
title = {Revisión del uso de tecnologías y dispositivos IoT en los sistemas de seguridad física},
journal = {Internet of Things},
volume = {24},
year = {2021},
doi = {https://doi.org/10.25100/iyc.v24i1.11034},
url = {https://revistaingenieria.univalle.edu.co/index.php/ingenieria_y_competitividad/article/view/11034/14328},
author = {Mauricio Castaño Gómez, Ana María López Echeverry, Paula Andrea Villa Sánchez},
keywords = {Internet of Things (IoT), security systems, devices},
abstract = {Currently there has been an increase in insecurity and burglaries to homes, buildings, and various social places, which has led to search and implementation of mechanisms to protect people and these sites. In this way, houses with Physical Security  Systems  (PSS)  are  less  affected  by  these  events,  and  thanks  tothe  technological  advancement  and  the appearance of the Internet of Things (IoT), these systems has improved too much, being able to supply several needs with new functionalities, which are possible by new devices and technologies. In this sense, is desirable to resolve the question about what are the most used IoT devices and technologies in different PSS designs? Thus, the purpose of this article is to present the results of the literature review made, which sought to identify the common items used in modern IoT-bases PSSs, highlighting the advantages, disadvantages, and limitations of the implemented systems.}
}

@article{ref5,
  title={A socio-technical framework for internet-of-things design},
  author={Shin, Dong H and Kim, Sungho and Hong, Yeonho and Chung, Kyungmi and Jeong, Jaeyeol},
  year={2015},
  publisher={Calgary: International Telecommunications Society (ITS)}
}

@Article{ref6,
AUTHOR = {De Nardis, Luca and Mohammadpour, Alireza and Caso, Giuseppe and Ali, Usman and Di Benedetto, Maria-Gabriella},
TITLE = {Internet of Things Platforms for Academic Research and Development: A Critical Review},
JOURNAL = {Applied Sciences},
VOLUME = {12},
YEAR = {2022},
NUMBER = {4},
ARTICLE-NUMBER = {2172},
URL = {https://www.mdpi.com/2076-3417/12/4/2172},
ISSN = {2076-3417},
ABSTRACT = {Tens of different IoT platforms are currently available on the market as a result of the high interest in IoT, characterized by very different characteristics in terms of utilization models, features and availability. This paper provides a review of existing platforms, both adopting a closed source and an open source access model, focusing on five evaluation criteria: communication protocols, data visualization, data processing, integration with external services and security. Afterward, the paper focuses on ten open source platforms, that are deemed more suitable for research and development activities in academia, and provides an evaluation of such platforms according to the five criteria previously defined, combined with two criteria specific to open source platforms: installation procedure and documentation. The evaluation indicates that the FIWARE platform is the best suited platform when taking into account the combination of the seven criteria; other platforms might, however, be preferred, depending on the context, thanks to specific features such as native support for a programming language, or ease and flexibility in the installation procedure.},
DOI = {10.3390/app12042172}
}

@misc{ref7,
  title = {IoT Platforms},
  howpublished = {\url{https://transformainsights.com/iot-platforms}},
  note = {Accessed: 2022-11-25}
}


@article{ref8,
  title = {Semantic Web Technologies for the Internet of Things: Systematic Literature Review},
  journal = {Internet of Things},
  volume = {11},
  pages = {100206},
  year = {2020},
  issn = {2542-6605},
  doi = {https://doi.org/10.1016/j.iot.2020.100206},
  url = {https://www.sciencedirect.com/science/article/pii/S2542660520300421},
  author = {Ahlem Rhayem and Mohamed Ben Ahmed Mhiri and Faiez Gargouri},
  keywords = {Internet of Things, Web of Things, Semantic Web Technologies, Ontology, Interoperability, Standards},
  abstract = {Nowadays, the use of the Internet of Things (IoT) in diverse applications becomes very popular. Accordingly, a proliferation of objects with remote sensing, actuation, analysis, and sharing capabilities will be interconnected on top of heterogeneous communication networks. Their deployment contexts are continuously changed, which imply a change in their descriptions and characteristics. In addition, they are a fundamental source of a huge quantity of gathered data with different encoding formats. Accordingly, this data is badly expressed, understood and exploited by other systems and devices. From this regard, several challenges associated with standardization, interoperability, discovery, security, and description of IoT resources and their corresponding data have emerged. In this context, Semantic Web Technologies (SWT) seem a suitable and an efficient solution to relieve these challenges. Therefore, a Systematic Literature Review (SLR) methodology is performed to investiagte and analyze a set of the most recent and relevant approaches that deal with SWT in the IoT domain. These approaches are discussed and evaluated based on seven different research questions. Finally, future insights and research opportunities are suggested.}
}

@misc{ref9,
  title = {IoT Cloud Platforms},
  author = {Priya Pedamkar},
  howpublished = {\url{https://www.educba.com/iot-cloud-platforms/}},
  note = {Accessed:  2022-11-25}
}

@article{ref10,
  title = {The Semantic Web. A new form of Web content that is meaningful to computers will unleash a revolution of newpossibilities},
  journal = {Semantic Web},
  year = {2001},
  issn = {33-39},
  url = {https://www.academia.edu/download/30225519/p01_thesemanticweb.pdf},
  author = {Tim Berners-Lee, James Hendler, Ora Lassila},
  keywords = {Internet of Things, Web of Things, Semantic Web Technologies, Ontology, Interoperability, Standards},
}

@misc{ref11,
  title = {Unicode},
  author = {Mozilla Foundation},
  howpublished = {\url{https://developer.mozilla.org/es/docs/Glossary/Unicode}},
  note = {Accessed: 2022-11-25}
}

@misc{ref12,
  title = {Web Ontology Language (OWL)},
  author = {W3C},
  howpublished = {\url{https://www.w3.org/OWL}},
  note = {Accessed: 2022-11-25},
  year = {2012}
}

@misc{ref13,
  title = {RDF 1.1 Turtle},
  author = {W3C},
  howpublished = {\url{https://www.w3.org/TR/2014/REC-turtle-20140225}},
  note = {Accessed: 2022-11-25}
}

@book{ref14,
   title =     {Programming the Semantic Web},
   author =    {Toby Segaran, Colin Evans, Jamie Taylor},
   publisher = {O'Reilly Media},
   isbn =      {0596153813; 9780596153816},
   year =      {2009},
   edition =   {1},
}

@misc{ref15,
  title = {RDF Schema 1.1},
  author = {W3C},
  howpublished = {\url{https://www.w3.org/TR/rdf-schema/}},
  note = {Accessed: 2022-11-25}
}


@misc{ref16,
  title = {RIF Overview (Second Edition)},
  author = {W3C},
  howpublished = {\url{https://www.w3.org/TR/rif-overview/}},
  note = {Accessed: 2022-11-25}
}

@misc{ref17,
  title = {SWRL: A Semantic Web Rule Language Combining OWL and RuleML},
  author = {W3C},
  howpublished = {\url{https://www.w3.org/Submission/SWRL/}},
  note = {Accessed: 2022-11-25}
}

@misc{ref18,
  title = {Linked Data},
  author = {Tim Berners-Lee},
  howpublished = {\url{https://www.w3.org/DesignIssues/LinkedData}},
  note = {Accessed: 2022-11-25}
}

@article{ref19,
  title = {What Is the Semantic Web?},
  journal = {Semantic Web},
  year = {2018},
  url = {https://simplea.com/Articles/what-is-the-semantic-web},
  keywords = {Semantic Web, Linked Data},
  note = {Accessed: 2023-09-25},
  author = {Content Strategy}
 }



@misc{ref21,
  title = {SPARQL Query Language for RDF},
  author = {W3C},
  howpublished = {\url{https://www.w3.org/TR/rdf-sparql-query/}},
  note = {Accessed: 2022-11-25}
}

@inproceedings{ref22,
  title={A stream-temporal query language for ontology based data access},
  author={{\"O}z{\c{c}}ep, {\"O}zg{\"u}r L{\"u}tf{\"u} and M{\"o}ller, Ralf and Neuenstadt, Christian},
  booktitle={Joint German/Austrian Conference on Artificial Intelligence (K{\"u}nstliche Intelligenz)},
  pages={183--194},
  year={2014},
  organization={Springer}
}

@misc{ref23,
  title = {The SSN ontology of the W3C semantic sensor network incubator group Author links open overlay panel},
  author = {W3C},
  howpublished = {\url{https://www.sciencedirect.com/science/article/pii/S1570826812000571}},
  year = {2012}
}


@book{ref24,
   title =     {RDF Database Systems: Triples Storage and SPARQL Query Processing},
   author =    {Olivier Curé, Guillaume Blin},
   publisher = {Morgan Kaufmann},
   isbn =      {0127999574; 9780127999579},
   year =      {2014},
   edition =   {1},
   url =       {libgen.li/file.php?md5=7edf08b1fdd2212b3e60e5c5ee1e6473}
}

@book{ref25,
   title =     {Learning SPARQL, 2nd Edition: Querying and Updating with SPARQL 1.1},
   author =    {Bob DuCharme},
   publisher = {O'Reilly Media},
   isbn =      {9781449371432; 1449371434},
   year =      {2013},
   url =       {libgen.li/file.php?md5=c0d07eb1844cc114b9f7c075267df8d6}
}

@book{ref26,
   title =     {Learning SPARQL, 2nd Edition: Querying and Updating with SPARQL 1.1},
   author =    {Bob DuCharme},
   publisher = {O'Reilly Media},
   isbn =      {9781449371432; 1449371434},
   year =      {2013},
   url =       {libgen.li/file.php?md5=c0d07eb1844cc114b9f7c075267df8d6}
}




@inproceedings{ref28,
  title={Cross-domain Internet of Things application development: M3 framework and evaluation},
  author={Gyrard, Amelie and Datta, Soumya Kanti and Bonnet, Christian and Boudaoud, Karima},
  booktitle={2015 3rd International Conference on Future Internet of Things and Cloud},
  pages={9--16},
  year={2015},
  organization={IEEE}
}

@article{ref29,
  title={Semantic Indexing for Semantic Interaction in WoT},
  author={Angel, Ni{\~n}o-Zambrano Miguel and Adolfo, Ram{\'\i}rez-Gonz{\'a}lez Gustavo}
}

@article{ref30,
  title={Coordinaci{\'o}n de dispositivos IoT mediante web sem{\'a}ntica y ontolog{\'\i}as en situational-context},
  author={Flores-Mart{\'\i}n, Daniel and P{\'e}rez-Vereda, Alejandro and Berrocal, Javier and Canal-Velasco, Jose Carlos and Murillo, Juan Manuel and others},
  year={2019}
}

@book{ref31,
   title =     {Weaving the Web: The Original Design and Ultimate Destiny of the World Wide Web},
   author =    {Tim Berners-lee},
   publisher = {HarperOne},
   isbn =      {9780062515865; 0062515861; 9780062515872; 006251587X},
   year =      {1999},
   edition =   {1st},
   url =       {libgen.li/file.php?md5=f2b82d8a429c0d977583ee1b2a9bd842}
}

@misc{ref32,
  title = {Difference Between Redis and Kafka},
  author = {Priya Pedamkar},
  howpublished = {\url{https://www.educba.com/redis-vs-kafka/}},
  note = {Accessed: 2022-11-25}
}

@misc{ref33,
  title = {DB-Engines Ranking},
  author = {DB-Engines},
  howpublished = {\url{https://db-engines.com/en/ranking}},
  note = {Accessed: 2022-11-25}
}


@misc{ref34,
  title = {Introduction to Vert.x},
  howpublished = {\url{https://www.baeldung.com/vertx}},
  note = {Accessed: 2022-11-25}
}

@misc{ref35,
  title = {Monitoring Kafka performance metrics},
  author = {Evan Mouzakitis and David M. Lentz},
  howpublished = {\url{https://www.datadoghq.com/blog/monitoring-kafka-performance-metrics/}},
  note = {Accessed: 2022-11-25}
}


@misc{ref36,
  title = {Stardog Documentation},
  howpublished = {\url{https://docs.stardog.com/}},
  note = {Accessed: 2022-11-25}
}

@misc{ref37,
  title = {Kernel Requirements},
  howpublished = {\url{https://web.archive.org/web/20140821065734/http://docker.readthedocs.org/en/v0.7.3/installation/kernel/}},
  note = {Accessed: 2022-11-25}
}

@misc{ref38,
  title = {The C4 model for visualising software architecture},
  author = {Simon Brown},
  howpublished = {\url{https://c4model.com/}},
  note = {Accessed: 2022-11-25}
}


@misc{ref39,
  title = {¿Qué es la Internet de las cosas (IoT)?},
  author = {Jesús Cáceres },
  howpublished = {\url{https://www.xn--apaados-6za.es/71301-que-es-internet-cosas-iot}},
  note = {Accessed: 2022-11-25},
  year = {2017}
}


@misc{ref40,
  title = {Archivo: Arquitectura Tecnológica de la Web Semántica},
  howpublished = {\url{https://es.wikipedia.org/wiki/Archivo:Arquitectura_Tecnol%C3%B3gica_de_la_Web_Sem%C3%A1ntica.png}},
  note = {Accessed: 2022-11-26}
}

@inbook{ref41,
author = {Chatzimichail, Angelos and Stathopoulos, Evangelos and Ntioudis, Dimos and Tsanousa, Athina and Rousi, Maria and Mavropoulos, Athanasios and Meditskos, Georgios and Vrochidis, Stefanos and Kompatsiaris, Ioannis},
year = {2020},
month = {11},
pages = {},
title = {Semantic Web and IoT},
isbn = {978-3-030-64618-9},
doi = {10.1007/978-3-030-64619-6_1}
}

@inbook{ref42,
author = {Friess, Peter and Woysch, Gunter and Guillemin, Patrick and Gusmeroli, Sergio and Sundmaeker, Harald and Bassi, Alessandro and Eisenhauer, Markus and Moessner, Klaus},
year = {2012},
month = {08},
pages = {22-117},
title = {Europe's IoT Strategic Research Agenda 2012},
isbn = {978-0-9553707-9-3}
}

@article{ref43,
  title={Obda stream access combined with safe first-order temporal reasoning},
  author={{\"O}z{\c{c}}ep, OL and M{\"o}ller, Ralf and Neuenstadt, Christian},
  journal={Techn. report, Hamburg Univ. of Technology},
  year={2014}
}

@misc{ref44,
  title = {Hypertext Transfer Protocol (HTTP)},
  author = {Mozilla Foundation},
  howpublished = {\url{https://developer.mozilla.org/es/docs/Web/HTTP}},
  note = {Accessed: 2022-11-25}
}

@misc{ref45,
  title = {Relationship to OWL 1},
  author = {W3C},
  howpublished = {\url{https://www.w3.org/TR/owl2-overview/#Relationship_to_OWL_1}},
  note = {Accessed: 2022-11-25}
}

@misc{ref46,
  title = {Resource Description Framework(RDF) Model and Syntax Specificatio},
  author = {W3C},
  howpublished = {\url{https://www.w3.org/TR/PR-rdf-syntax/}},
  note = {Accessed: 2023-09-26}
}

@book{ref47,
   title =     {Ontology Based Data Access on Temporal and Streaming Data},
   author =    {Özgür Lütfü Özçep and Ralf Möller r},
   year =      {2014},
   pages          = {279-312},
   url = {https://link.springer.com/chapter/10.1007/978-3-319-10587-1_7}
}

@misc{ref48,
  title = {Thing Description (TD) Ontology},
  author = {W3C},
  howpublished = {\url{https://www.w3.org/TR/2014/REC-turtle-20140225}},
  note = {Accessed: 2023-09-29},
  year={2013}
}

@misc{ref49,
  title = {Semantic Sensor Network Ontology},
  author = {W3C},
  howpublished = {\url{https://www.w3.org/TR/vocab-ssn/}},
  note = {Accessed: 2023-09-29},
  year={2017}
}

@misc{ref50,
  title = {Definition of Data Streams},
  author = {Alessandro Margara and Tilmann Rabl },
  howpublished = {\url{https://doi.org/10.1007/978-3-319-77525-8_188}},
  note = {Accessed: 2023-09-29},
  year={2019}
}

@article{ref51,
title = {A Survey of AI-Based Anomaly Detection in IoT and Sensor Networks},
journal = {Machine Learning},
year = {2023},
doi = {https://doi.org/10.3390/s23031352},
url = {https://www.mdpi.com/1424-8220/23/3/1352},
author = { Kyle DeMedeiros, Abdeltawab Hendawi and Marco Alvarez},
keywords = {Machine Learning, Internet of Things (IoT)},
abstract = {Machine learning (ML) and deep learning (DL), in particular, are common tools for anomaly detection (AD). With the rapid increase in the number of Internet-connected devices, the growing desire for Internet of Things (IoT) devices in the home, on our person, and in our vehicles, and the transition to smart infrastructure and the Industrial IoT (IIoT), anomaly detection in these devices is critical. This paper is a survey of anomaly detection in sensor networks/the IoT. This paper defines what an anomaly is and surveys multiple sources based on those definitions. The goal of this survey was to highlight how anomaly detection is being performed on the Internet of Things and sensor networks, identify anomaly detection approaches, and outlines gaps in the research in this domain.}
}

@article{ref52,
title = {Uso de algoritmos de Machine Learning para analizar los datos de energía eléctrica facturada en la Ciudad de Buenos Aires durante el período 2010–2021},
journal = {Machine Learning},
year = {2022},
url = {https://revistas.intec.edu.do/index.php/cite/article/download/2578/3186},
author = {Yajure Ramírez},
keywords = {Machine Learning, Internet of Things (IoT)},
abstract = {Con las capacidades actuales de las computadoras, los algoritmos de Machine Learning se implementan con facilidad en distintas áreas de interés. En el presente estudio se utilizan métodos de Machine Learning para analizar los datos de energía eléctrica facturada mensualmente en la Ciudad de Buenos Aires, durante el período 2010-2021. Los objetivos son: determinar patrones en los datos utilizando el algoritmo K-Means y determinar las variables que más impactan la energía facturada total a través del uso del algoritmo de Regresión Lineal. Como técnica de reducción de la dimensionalidad se utilizó el análisis de componentes principales. La investigación fue de tipo cuantitativa-explicativa, utilizando los datos de la Dirección General de Estadística y Censos de Buenos Aires, los cuales fueron analizados y preprocesados antes de la aplicación de los algoritmos; para generar los modelos se toma el 75 % de los datos para entrenamiento y 25 % para la evaluación del modelo obtenido. Para el modelo de agrupamiento K-Means se determinó el K óptimo a través del método del codo, y se obtuvo que los datos de energía facturada total presentan una estacionalidad mensual. Para el modelo de Regresión Lineal se utilizaron las métricas R2, RMSE y MAE, y se obtuvo que las energías facturadas residencial, comercial e industrial, más el número de usuarios residenciales, son las variables que mayor impacto tienen sobre la energía eléctrica facturada total.}
}

@article{ref53,
title = {Uso de algoritmos de Machine Learning para analizar los datos de energía eléctrica facturada en la Ciudad de Buenos Aires durante el período 2010–2021},
journal = {Internet of Things (IoT)},
year = {2021},
url = {http://hdl.handle.net/10757/657615},
author = {Andrade Maceda},
keywords = {Internet of Things (IoT)},
abstract = {La presente tesis propone el análisis, diseño e implementación de un sistema web que permita detectar y predecir posibles impactos en la calidad de aire y del agua, teniendo como alcance las comunidades comprendidas en el área de influencia de la unidad minera. La calidad de los componentes ambientales mencionados será determinada según la normativa nacional peruana. Este trabajo toma como referencia los procesos que actualmente están siendo empleados tanto para el monitoreo de calidad del aire como para el monitoreo de agua, los cuales consisten en abastecer de datos acerca de las características fisicoquímicas de ciertos componentes ambientales en su estado natural. Bajo esta premisa, la propuesta solución de este proyecto plantea la mejora del proceso “Monitoreo y control ambiental” que va desde la planificación para la obtención de datos hasta la identificación de tecnologías adecuadas que permitan el acceso a dicha información. En la presente tesis el proceso “Monitoreo y control ambiental” se encontrará en el proyecto con el nombre “Monitoreo y control”.}
}

@article{ref54,
title = {RECOLECCIÓN Y RECONOCIMIENTO DE EVENTOS DOMÉSTICOS MEDIANTE SENSORES DE SONIDO EN IOT},
journal = {Internet of Things (IoT)},
year = {2021},
url = {https://hdl.handle.net/10953.1/19997},
author = {Vílchez Chiachío, José Manuel},
keywords = {Internet of Things (IoT)},
abstract = {El objetivo de este TFG es el desarrollo de un disposito IoT que permita reconocer eventos de sonido en un entorno doméstico. Para ello, en primer lugar, se realizará una recolección de muestras de sonido sobre diferentes eventos diarios que puedan ser recogidos el dispositivo de sonido, tales como apertura de grifos de agua, puertas, electrodomésticos, etc... En segundo lugar se procederá a construir un modelo basado en Deep Learning que permita clasificar los sonidos y sea compatible con una ejecución en el dispositivo IoT, obteniendo una primera evaluación de su capacidad. En último lugar, se evaluará la posibilidad de integrar el modelo en tiempo real incluyendo un caso de estudio de una escena real.}
}

@article{ref55,
title = {Aplicación de algoritmos de inteligencia artificial en sistemas de IoT orientado a la domótica},
journal = {Internet of Things (IoT)},
year = {2023},
url = {https://openaccess.uoc.edu/bitstream/10609/147534/3/mplanacasTFM0123memoria.pdf},
author = {Mario Plana Casrrubio},
keywords = {Internet of Things (IoT)},
abstract = {La constante evolución de Internet ha derivado en una cuarta revolución industrial llevando la transformación digital a las industrias y a las empresas. Esto ha supuesto la aparición de tecnologías como computación en la nube, redes de internet móvil, robótica avanzada, Internet de las cosas, gemelos digitales o inteligencia artificial, teniendo un gran impacto socioeconómico. Con el paso del tiempo, estas tecnologías están llegando a la vida cotidiana de las personas de la mano de smartphones y diferentes dispositivos que se instalan en los hogares como sensores de temperatura, de calidad del aire, sensores de movimiento o anti-incendio. En el presente trabajo se pretende hacer uso de tecnologías en la nube para el procesamiento y almacenamiento de información, y para la ejecución de algoritmos de inteligencia artificial a partir de datos obtenidos mediante dispositivos IoT. El objetivo es crear un sistema capaz de ayudar en la toma de decisiones al usuario final facilitándole el desempeño en su vida diaria.}
}

@inbook{ref56,
author = {Friess, Peter and Woysch, Gunter and Guillemin, Patrick and Gusmeroli, Sergio and Sundmaeker, Harald and Bassi, Alessandro and Eisenhauer, Markus and Moessner, Klaus},
year = {2012},
month = {08},
pages = {22-117},
title = {Europe's IoT Strategic Research Agenda 2012},
isbn = {978-0-9553707-9-3}
}

@ELECTRONIC{ref57,
  author = {{Makina Corpus  in collaboration with Brussels Regional Public Service (BRPS).}},
  title = {BRUSSELS MOBILITY},
  url = {https://mobilite-mobiliteit.brussels/en}
}
